@article{coluccia2020detection,
  title={Detection and classification of multirotor drones in radar sensor networks: A review},
  author={Coluccia, Angelo and Parisi, Gianluca and Fascista, Alessio},
  journal={Sensors},
  volume={20},
  number={15},
  pages={4172},
  year={2020},
  publisher={MDPI}
}
@article{yoo2011assassination,
  title={Assassination or targeted killings after 9/11},
  author={Yoo, John},
  journal={NYL Sch. L. Rev.},
  volume={56},
  pages={57},
  year={2011},
  publisher={HeinOnline}
}
@article{kardasz2016drones,
  title={Drones and possibilities of their using},
  author={Kardasz, Piotr and Doskocz, Jacek and Hejduk, Mateusz and Wiejkut, Pawe{\l} and Zarzycki, Hubert},
  journal={J. Civ. Environ. Eng},
  volume={6},
  number={3},
  pages={1--7},
  year={2016}
}
@article{yaacoub2020security,
  title={Security analysis of drones systems: Attacks, limitations, and recommendations},
  author={Yaacoub, Jean-Paul and Noura, Hassan and Salman, Ola and Chehab, Ali},
  journal={Internet of Things},
  volume={11},
  pages={100218},
  year={2020},
  publisher={Elsevier}
}